<record><leader>00000cas a22000007a 4500</leader><controlfield tag="001">23156197</controlfield><controlfield tag="008">910226c19719999coucr ne      0    0eng d</controlfield><datafield ind1=" " ind2=" " tag="010"><subfield code="a">sn 91052218 </subfield></datafield><datafield ind1=" " ind2=" " tag="040"><subfield code="a">CNQ</subfield><subfield code="b">eng</subfield><subfield code="c">CNQ</subfield><subfield code="d">OCLCQ</subfield></datafield><datafield ind1="1" ind2=" " tag="029"><subfield code="a">AU@</subfield><subfield code="b">000046360114</subfield></datafield><datafield ind1="1" ind2=" " tag="029"><subfield code="a">NZ1</subfield><subfield code="b">16076337</subfield></datafield><datafield ind1=" " ind2=" " tag="042"><subfield code="a">msc</subfield></datafield><datafield ind1="0" ind2="4" tag="245"><subfield code="a">The Estes Park trail-gazette.</subfield></datafield><datafield ind1="3" ind2="0" tag="246"><subfield code="a">Estes Park trail gazette succeeding the Estes Park trail and the mountain gazette</subfield></datafield><datafield ind1=" " ind2=" " tag="260"><subfield code="a">Estes Park, Colo. :</subfield><subfield code="b">Estes Park Trail-Gazette, Inc.</subfield></datafield><datafield ind1=" " ind2=" " tag="300"><subfield code="a">v.</subfield></datafield><datafield ind1=" " ind2=" " tag="310"><subfield code="a">Semiweekly</subfield></datafield><datafield ind1="0" ind2=" " tag="362"><subfield code="a">Vol. 1, no. 19 (June 2, 1971)-</subfield></datafield><datafield ind1=" " ind2=" " tag="530"><subfield code="a">Available on microfilm from the Colorado Historical Society.</subfield></datafield><datafield ind1=" " ind2=" " tag="580"><subfield code="a">Weekly ed. during summer: Mountain marquee, &lt;1971-1981&gt;.</subfield></datafield><datafield ind1=" " ind2=" " tag="752"><subfield code="a">United States</subfield><subfield code="b">Colorado</subfield><subfield code="c">Larimer</subfield><subfield code="d">Estes Park.</subfield></datafield><datafield ind1="1" ind2=" " tag="775"><subfield code="t">Mountain marquee</subfield></datafield><datafield ind1="0" ind2="0" tag="780"><subfield code="t">Trail-gazette</subfield><subfield code="w">(DLC)sn 91052219</subfield></datafield></record>